%
%  An example of a bibliographical database for bibTeX
%
%  Recommended software for maintenance of *.bib files:
%    JabRef, http://jabref.sourceforge.net/
%
%  BEWARE:
%
%    *  If a name contains a capital letter, which must be kept such,
%       use curly brackets ({T}hailand, {HIV}).
%
%  ===========================================================================

@BOOK{nau,
  title = {Automated Planning: theory and practice},
  publisher = {Morgan Kaufmann Publishers},
  year = {2004},
  author = {Ghallab, M. and Nau, D. and Traverso, P.},
  isbn = {1-55860-856-7}
}

@BOOK{chytil,
  title = {{Automaty a gramatiky}},
  publisher = { SNTL - Státní nakladatelství technické literatury},
  year = {1984},
  author = {Chytil, M.}
}

@BOOK{gnf,
    title = {{Introduction to Automata Theory, Languages, and Computation}},
    publisher = {Pearson},
    year = {2001},
    author = {Hopcroft, J. E. and Motwani, R and Ullman, J. D.}
}

@ARTICLE{ondrckova2024empty,
  author = {Ondrčková, S. and Barták, R.},
  title = {{Handling Empty Decomposition Methods in Hierarchical Planning}},
  journal = {{FLAIRS}},
  year = {2024}
}

@ARTICLE{ondrckova2023semantics,
  author = {Ondrčková, S. and Barták, R.},
  title = {{On Semantics of Hierarchical Planning Domain Models with Decomposition Constraints and Empty Methods}},
  journal = {2023 IEEE 35th International Conference on Tools with Artificial Intelligence (ICTAI)},
  pages = {349--353},
  year = {2023}
}

@ARTICLE{langclassification,
  author = {Höller, D. and Behnke, G. and Bercher, P. and Biundo, S.},
  title = {Language classification of hierarchical planning problems},
  journal = {ECAI},
  pages = {447-452},
  year = {2014}
}

@ARTICLE{cmyk,
  author = {Lin, S. and Behnke, G. and Ondrčková, S. and Barták, R. and Bercher, P.},
  title = {On {T}otal-{O}rder {HTN} {P}lan {V}erifcation with {M}ethod {P}reconditions – {A}n {E}xtension of the {CYK} {P}arsing {A}lgorithm},
  journal = {The Thirty-Seventh AAAI Conference on Artificial Intelligence (AAAI-23)},
  pages = {12041-12048},
  year = {2023}
}

@ARTICLE{complexity,
  author = {Erol, K. and Hendler, J. A. and Nau, D. S},
  title = {{Complexity Results for HTN Planning}},
  journal = {Annals of Mathematics and AI 18(1)},
  pages = {69-93},
  year = {1996}
}

@ARTICLE{strips,
  author = {Fikes, R. E. and Nilsson, N. J. },
  title = {{STRIPS: A new approach to the application of theorem proving to problem solving}},
  journal = {IJCAI 1971},
  pages = {608–620},
  year = {1971}
}

@ARTICLE{hddl,
  author = {Höller, D and Behnke, G and Bercher, P and Biundo, S and Fiorino, H and Pellier, D and Alford, R},
  year = {2020},
  month = {04},
  pages = {9883–9891},
  title = {{HDDL: An Extension to PDDL for Expressing Hierarchical Planning Problems}},
  volume = {34},
  journal = {{Proceedings of the AAAI Conference on Artificial
Intelligence}}
}